%% This BibTeX bibliography file was created using BibDesk.
%% http://bibdesk.sourceforge.net/


%% Created for Theo DuBose at 2012-04-18 13:37:39 -0700 


%% Saved with string encoding Unicode (UTF-8) 



@article{Miron_Wilchek_1982,
	Author = {Miron, T and Wilchek, M},
	Date-Added = {2012-04-18 20:37:08 +0000},
	Date-Modified = {2012-04-18 20:37:08 +0000},
	Journal = {Analytical Biochemistry},
	Number = {2},
	Pages = {433--435},
	Title = {A spectrophotometric assay for soluble and immobilized N-hydroxysuccinimide esters.},
	Url = {http://www.ncbi.nlm.nih.gov/pubmed/7158777},
	Volume = {126},
	Year = {1982},
	Bdsk-Url-1 = {http://www.ncbi.nlm.nih.gov/pubmed/7158777}}

@electronic{nhshalflife,
	Author = {Laysan Bio, Inc.},
	Date-Added = {2012-04-17 18:31:45 +0000},
	Date-Modified = {2012-04-18 18:06:35 +0000},
	Lastchecked = {17 April 2012},
	Title = {Hydrolysis Half-Lives},
	Url = {http://laysanbio.com/clientuploads/Hydrolysis_Half_Lives.pdf},
	Bdsk-Url-1 = {http://laysanbio.com/clientuploads/Hydrolysis_Half_Lives.pdf}}

@electronic{nhsreaction,
	Author = {Pierce Protein Research Products},
	Date-Added = {2012-04-17 18:22:08 +0000},
	Date-Modified = {2012-04-18 20:37:34 +0000},
	Lastchecked = {17 April 2012},
	Title = {Chemistry of Crosslinking},
	Url = {http://www.piercenet.com/browse.cfm?fldID=CE4D6C5C-5946-4814-9904-C46E01232683},
	Urldate = {2006},
	Bdsk-Url-1 = {http://www.piercenet.com/browse.cfm?fldID=CE4D6C5C-5946-4814-9904-C46E01232683}}

@article{westpegylation,
	Author = {Amanda R Lowery and Andr{\'e} M Gobin and Emily S Day and Naomi J Halas and Jennifer L West},
	Date-Added = {2012-04-16 04:37:11 +0000},
	Date-Modified = {2012-04-16 04:38:23 +0000},
	Journal = {International Journal of Nanomedicince},
	Number = {2},
	Pages = {149--154},
	Title = {Immunonanoshells for targeted photothermal ablation of tumor cells},
	Volume = {1},
	Year = {2006}}

@article{proteindensity,
	Author = {Fischer, Hannes and Polikarpov, Igor and Craievich, Aldo F.},
	Date-Added = {2012-04-10 21:54:34 +0000},
	Date-Modified = {2012-04-10 21:54:43 +0000},
	Doi = {10.1110/ps.04688204},
	Issn = {1469-896X},
	Journal = {Protein Science},
	Keywords = {proteins, protein density, average density, molecular weight dependence, protein crystallography, analytical ultracentrifugation},
	Number = {10},
	Pages = {2825--2828},
	Publisher = {Cold Spring Harbor Laboratory Press},
	Title = {Average protein density is a molecular-weight-dependent function},
	Url = {http://dx.doi.org/10.1110/ps.04688204},
	Volume = {13},
	Year = {2004},
	Bdsk-Url-1 = {http://dx.doi.org/10.1110/ps.04688204}}

@article{antibodylength,
	Author = {Tan, Yih Horng and Liu, Maozi and Nolting, Birte and Go, Joan G. and Gervay-Hague, Jacquelyn and Liu, Gang-yu},
	Date-Added = {2012-04-10 17:47:24 +0000},
	Date-Modified = {2012-04-10 17:47:39 +0000},
	Doi = {10.1021/nn800508f},
	Eprint = {http://pubs.acs.org/doi/pdf/10.1021/nn800508f},
	Journal = {ACS Nano},
	Number = {11},
	Pages = {2374-2384},
	Title = {A Nanoengineering Approach for Investigation and Regulation of Protein Immobilization},
	Url = {http://pubs.acs.org/doi/abs/10.1021/nn800508f},
	Volume = {2},
	Year = {2008},
	Bdsk-Url-1 = {http://pubs.acs.org/doi/abs/10.1021/nn800508f},
	Bdsk-Url-2 = {http://dx.doi.org/10.1021/nn800508f}}

@unpublished{hoidnellis,
	Author = {Ellis, Perry and Hoidn, Oliver},
	Date-Added = {2012-04-09 21:57:48 +0000},
	Date-Modified = {2012-04-09 22:01:04 +0000},
	Month = {August},
	Title = {PEGylation of Antibodies to Gold Nanospheres},
	Year = {2010}}

@phdthesis{warren,
	Author = {Robert Warren},
	Date-Added = {2012-04-09 21:57:10 +0000},
	Date-Modified = {2012-04-09 21:57:29 +0000},
	School = {Harvey Mudd College},
	Year = {2010}}

@phdthesis{coats,
	Author = {David Coats},
	Date-Added = {2012-04-09 21:52:49 +0000},
	Date-Modified = {2012-04-09 21:55:29 +0000},
	School = {Harvey Mudd College},
	Title = {Visualization of Cells and Cell Phenotype in Tissue-Engineered Corneas via Immunogold Labeling},
	Year = {2008}}

@webpage{NEIcornea,
	Date-Added = {2012-04-09 04:26:13 +0000},
	Date-Modified = {2012-04-09 04:51:45 +0000},
	Lastchecked = {8 March 2012},
	Url = {http://www.nei.nih.gov/health/cornealdisease/},
	Bdsk-Url-1 = {http://www.nei.nih.gov/health/cornealdisease/}}
